@Comment А вот так оформляется библиография при помощи BibTeX.

@online{packages:npm,
  title = {NPM - An introduction to the npm package manager},
  url = {https://www.npmjs.com/},
  language = "russian"
}

@online{risk:node-npc,
  title = {В NPM-пакет node-ipc внесено вредоносное изменение, удаляющее файлы на системах в России и Беларуси},
  year = {2022},
  url = {https://www.opennet.ru/opennews/art.shtml?num=56870},
  urldate = {18.03.2022},
  language = "russian"
}

@online{risk:xz_backdoor,
    title = {Бэкдор в xz нашли из-за замедления работы sshd в полсекунды},
    url = {https://habr.com/ru/news/804163/},
    year = {2024},
    update = {30.03.2024},
    language = "russian"
}

@online{risk:pnpm_block_1,
    title = {Please note that pnpm is currently blocking all traffic from Russia and Belarus},
    url = {https://news.ycombinator.com/item?id=30921103},
    year = {2022},
    update = {05.04.2022},
    language = "russian"
}

@online{risk:pnpm_block_2,
    title = {Site https://pnpm.io not working},
    url = {https://github.com/pnpm/pnpm/issues/4498#issuecomment-1082440873},
    year = {2022},
    urldate = {05.04.2022},
    language = "russian"
}

@online{risk:node-npc-2,
  title = {NATIONAL VULNERABILITY DATABASE - CVE-2022-23812},
  year = {2022},
  url = {https://nvd.nist.gov/vuln/detail/CVE-2022-23812},
  urldate = {18.03.2022},
  language = "russian"
}

@online{packages:pip,
  title = {The PyPA recommended tool for installing Python packages},
  url = {https://pypi.org/project/pip/},
  language = "russian"
}

@online{packages:maven,
  title = {Apache Maven is a software project management and comprehension tool},
  url = {https://maven.apache.org/},
  language = "russian"
}

@online{packages:nuget,
  title = {The NuGet Gallery is the central package repository used by all package authors and consumers},
  url = {https://www.nuget.org/},
  language = "russian"
}

@online{packages:rubygems,
  title = {RubyGems.org is made possible through a partnership with the greater Ruby community},
  url = {https://rubygems.org/},
  language = "russian"
}

@online{risk:remove-packages,
    title = {How one programmer broke the internet by deleting a tiny piece of code},
    url = {https://qz.com/646467/how-one-programmer-broke-the-internet-by-deleting-a-tiny-piece-of-code},
    year = {2016},
    urldate = {27.03.2016},
    language = "russian"
}

@online{termins:api,
    title = {API от А до Я (теория и практика)},
    url = {https://habr.com/ru/articles/768752/},
    year = {2023},
    urldate = {20.10.2023},
    language = "russian"
}

@online{termins:microvsmono,
    title = {Монолитная и микросервисная архитектура},
    url = {https://habr.com/ru/companies/haulmont/articles/758780/},
    year = {2016},
    urldate = {03.09.2023},
    language = "russian"
}

@online{risk:intelme,
    title = {Как взломать выключенный компьютер или выполнить код в Intel ME},
    url = {https://habr.com/ru/companies/pt/articles/346974/},
    year = {2018},
    urldate = {08.01.2018},
    language = "russian"
}

@online{risk:amdpsp,
    title = {Security Flaw in AMD's Secure Chip-On-Chip Processor Disclosed Online},
    url = {https://www.bleepingcomputer.com/news/security/security-flaw-in-amds-secure-chip-on-chip-processor-disclosed-online/},
    year = {2018},
    urldate = {08.01.2018},
    language = "russian"
}

@online{risk:spectual_hack,
    title = {Meltdown and Spectre},
    url = {https://spectreattack.com/},
    year = {2018},
    urldate = {04.01.2018},
    language = "russian"
}

@online{risk:elbrus_no_spectre,
    title = {Elбрус, или Как дела с микроэлектроникой в России в 2023 году},
    url = {https://habr.com/ru/companies/redmadrobot/articles/727098/},
    year = {2023},
    update = {05.04.2023},
    language = "russian"
}

@online{cdn:selectel,
    title = {CDN сервис — сеть доставки контента в России и за рубежом},
    url = {https://selectel.ru/services/additional/cdn/},
    year = {2024},
    urldate = {15.05.2024},
    language = "russian"
}

@online{arch:monovsmicro,
    title = {Монолитная и микросервисная архитектура. Сравнение},
    url = {https://habr.com/ru/companies/haulmont/articles/758780/},
    year = {2023},
    urldate = {4.09.2023},
    language = "russian"
}

@online{arch:api,
    title = {API от А до Я. Теория и практика},
    url = {https://habr.com/ru/articles/768752/},
    year = {2023},
    urldate = {20.10.2023},
    language = "russian"
}

@online{arch:npm_moment,
    title = {Architecture NPM},
    url = {https://blog.npmjs.org/post/75707294465/new-npm-registry-architecture},
    year = {2014},
    urldate = {15.05.2014},
    language = "russian"
}

@online{dev:elbrus_lcc,
    title = {Компилятор «LCC» ТВГИ.00500-01 | МЦСТ},
    url = {https://www.mcst.ru/LCC},
    year = {2024},
    urldate = {15.05.2024},
    language = "russian"
}

@online{dev:astra_linux,
    title = {Российская операционная система Astra Linux},
    url = {https://astralinux.ru/},
    year = {2024},
    urldate = {15.05.2024},
    language = "english"
}


@online{dev:elbrus_cpu,
    title = {Центральный процессор «Эльбрус-8СВ» ТВГИ.431281.023},
    url = {https://www.mcst.ru/Elbrus-8CB},
    year = {2024},
    urldate = {15.05.2024},
    language = "russian"
}

@online{dev:pep,
    title = {PEP 8: The Style Guide for Python Code},
    url = {https://pep8.org/},
    year = {2024},
    urldate = {15.05.2024},
    language = "russian"
}